<record><leader>00000cas a22000007a 4500</leader><controlfield tag="001">17991835</controlfield><controlfield tag="008">880524d19511952lauwr ne      0    0eng d</controlfield><datafield ind1=" " ind2=" " tag="010"><subfield code="a">sn 88064447 </subfield></datafield><datafield ind1=" " ind2=" " tag="040"><subfield code="a">LNP</subfield><subfield code="b">eng</subfield><subfield code="c">LNP</subfield><subfield code="d">OCLCQ</subfield></datafield><datafield ind1=" " ind2=" " tag="042"><subfield code="a">msc</subfield></datafield><datafield ind1="0" ind2="0" tag="245"><subfield code="a">Springhill press.</subfield></datafield><datafield ind1=" " ind2=" " tag="260"><subfield code="a">Springhill, La. :</subfield><subfield code="b">Doyle E. Garrison and J.L. Ford</subfield></datafield><datafield ind1=" " ind2=" " tag="310"><subfield code="a">Weekly</subfield></datafield><datafield ind1="0" ind2=" " tag="362"><subfield code="a">Vol. 1, no. 1 (May 2, 1951)-v. 2, no. 9 (June 25, 1952).</subfield></datafield><datafield ind1=" " ind2=" " tag="752"><subfield code="a">United States</subfield><subfield code="b">Louisiana</subfield><subfield code="c">Webster</subfield><subfield code="d">Springhill.</subfield></datafield><datafield ind1="0" ind2="7" tag="785"><subfield code="t">Springhill news-journal</subfield><subfield code="w">(DLC)sn 88064446</subfield></datafield><datafield ind1="0" ind2="7" tag="785"><subfield code="t">Springhill press and the Springhill news-journal</subfield><subfield code="w">(DLC)sn 88064448</subfield></datafield></record>